@ARTICLE{Vahedi87,
  AUTHOR =  {واحدی, مصطفی},
  TITLE =  {درختان پوشای کمینه دورنگی مسطح},
  JOURNAL =  {مجله فارسی نمونه},
  VOLUME =  {1},
  YEAR =  {1387},
  NUMBER =  {2},
  MONTH =  {آبان},
  PAGES =  {22-30},
  LANGUAGE =   {Persian}
}

@CONFERENCE{Amintoosi09regional,
  author =       {M. Amintoosi and M. Fathy and N. Mozayani},
  authorfa =     {م. امین‌طوسی and م. فتحی and م.مزینی},
  title =        {Regional Varying Image Super-Resolution},
  booktitle =    {IEEE International Joint Conference on Computational Sciences and Optimization},
  year =         {2009},
  month =        {April 23-26},
  address =      {Sanya, China},
  volume =       {1},
  pages =        {913-917}
}

@CONFERENCE{Amintoosi09video,
  author =       {M. Amintoosi and M. Fathy },
  authorfa =     {م. امین‌طوسی and م. فتحی },
  title =        {Video Resolution Enhancement in the Presence of Moving Objects},
  booktitle =    {International Conference on Image Processing, Computer Vision, and Pattern Recognition},
  year =         {2009},
  address =      {Las Vegas, USA},
  month =	 {July}
}

@ARTICLE{Amintoosi09precise,
  AUTHOR =       {M. Amintoosi and M. Fathy and N. Mozayani},
  authorfa =     {م. امین‌طوسی and م. فتحی and م.مزینی},
  TITLE =        {Precise Image Registration with Structural Similarity Error Measurement Applied to Super-Resolution},
  JOURNAL =      {{EURASIP} {J}ournal on {A}dvances in {S}ignal {P}rocessing},
 Volume =         {2009},
  YEAR =         {2009},
  pages =        {7 pages},
  note =         {{A}rticle ID 305479},
 url = {http://www.hindawi.com/journals/asp/2009/305479.html}
}

@CONFERENCE{Amintoosi87afzayesh,
  AUTHOR =       {امین‌طوسی,محمود and مزینی,ناصر and  فتحی,محمود},
  TITLE =        {افزایش وضوح ناحیه‌ای},
  BOOKTITLE =    {چهاردهمین کنفرانس ملی سالانه انجمن کامپیوتر ایران},
  YEAR =         {1387},
  ORGANIZATION = {دانشگاه امیرکبیر},
  ADDRESS =      {تهران، ایران},
  month = 	 {اسفند},
  pages =        {101--108},
  LANGUAGE =     {Persian},  
  url = {http://www.civilica.com/Paper-ACCSI14-ACCSI14_107.htm}
}

@article{Baker02limits,
 author = {Baker,, Simon and Kanade,, Takeo},
 title = {Limits on Super-Resolution and How to Break Them},
 journal = {IEEE Trans. Pattern Anal. Mach. Intell.},
 volume = {24},
 number = {9},
 year = {2002},
 issn = {0162-8828},
 pages = {1167--1183},
 publisher = {IEEE Computer Society},
 address = {Washington, DC, USA}
 }

@BOOK{Gonzalez02book,
  AUTHOR =      {Gonzalez,, Rafael C. and Woods,, Richard E.},
  authorfa =    {ر. گنزالس and ر. وودس },
  TITLE =       {Digital Image Processing},
  PUBLISHER =   {Prentice-Hall, Inc.},
  YEAR =        {2006},
  ISBN = 	{013168728X},
  EDITION = 	{3rd},
  ADDRESS =     {Upper Saddle River, NJ, USA},
}
 
@MASTERSTHESIS{Khalighi07MscThesis,
  AUTHOR =       {Vafa Khalighi},
  AUTHORFA =     {خلیقی,وفا},
  TITLE =        {Category Theory},
  SCHOOL =       {Sydny Univ.},
  YEAR =         {2007},
  MONTH =        {April}
}

@MISC{Khalighi87xepersian,
  AUTHOR =      {خلیقی,وفا},
  TITLE =        {زی‌پرشین (\lr{\XePersian}): بسته فارسی برای حروف‌چینی در \lr{\LaTeX2e}},
  HOWPUBLISHED = {\lr{\href{http://www.ctan.org/pkg/xepersian}{http://www.ctan.org/pkg/xepersian}}},
  YEAR =         {۱۳۸۷},
  LANGUAGE =     {Persian}
  }

@PHDTHESIS{Omidali82phdThesis,
  AUTHOR =       {امیدعلی, مهدی},
  TITLE =        {خم‌های تک‌جمله‌ای تعریف شده توسط دنباله‌های تقریباً حسابی},
  SCHOOL =       {دانشکده ریاضی، دانشگاه امیرکبیر},
  YEAR =         {1385},
  MONTH =        {تیر},
  LANGUAGE =     {Persian}
}

@BOOK{Pedram80osool,
  AUTHOR =       {استالینگ, ویلیام},
  EDITOR =       {برنجکوب, محمود},
  translator =   { صدیقی‌ مشکنانی, محسن and پدرام,حسین },
  TITLE =        {اصول طراحی و ویژگیهای داخلی سیستم‌های عامل},
  PUBLISHER =    {نشر شیخ بهایی},
  YEAR =         {۱۳۸۰},
  ADDRESS =      {اصفهان},
  edition =      {سوم},
  MONTH =        {بهار},
  LANGUAGE =     {Persian}
}

@MASTERSTHESIS{Pourmousa88mscThesis,
  AUTHOR =       {پورموسی, امیرمسعود},
  TITLE =        {بررسی رویدادهای ریزهمگرایی گرانشی تکراری در راستای مرکز کهکشان و ابرهای ماژلانی},
  SCHOOL =       {دانشکده فیزیک، دانشگاه صنعتی‌شریف},
  YEAR =         {۱۳۸۸},
  LANGUAGE =     {Persian}
}

@PhdThesis{Borman04thesis,
  author =   {Sean Borman},
  authorfa = {بورمن,سین},
  title =    {Topics in Multiframe Superresolution Restoration},
  school =   {University of Notre Dame},
  year =     {2004},
  address =  {Notre Dame, IN},
  month =    {may},
}

@PROCEEDINGS {conference06,
 editor    = {Farhad Shokoohi},
 authorfa  = {فرهاد شکوهی},
 title     = {Proceedings of the Xth Conference on XYZ},
 booktitle = {Proceedings of the Xth Conference on XYZ},
 year      = {2006},
 month     = {October}
}

@MISC{persianbib87userguide,
  AUTHOR =       {امین‌طوسی, م. and واحدی, م.},
  TITLE =        {راهنمای استفاده از سبک‌های فارسی  برای {\lr{\textsc{Bib}\TeX}} در زی‌پرشین},
  howpublished = {گروه پارسی‌لاتک},
  YEAR =         {۱۳۸۷},
  note = 	 {\url{http://www.parsilatex.com}},
  language =     {Persian}
}

@MISC{UTThesisGuide,
  AUTHOR =       {تحصیلات‌تکمیلی},
  TITLE =        {دستورالعمل نگارش و تدوین پایان‌نامه دانشجویان مقطع کارشناسی ارشد و دکتری},
  HOWPUBLISHED =    {\href{http://egufa.ut.ac.ir/%D8%B1%D9%88%DB%8C%D9%87%E2%80%8C%D9%87%D8%A7-%D9%88-%D9%81%D8%B1%D9%85%E2%80%8C%D9%87%D8%A7/%DA%A9%D8%A7%D8%B1%D8%B4%D9%86%D8%A7%D8%B3%DB%8C-%D8%A7%D8%B1%D8%B4%D8%AF/417-%D8%AF%D8%B3%D8%AA%D9%88%D8%B1%D8%A7%D9%84%D8%B9%D9%85%D9%84-%D9%86%DA%AF%D8%A7%D8%B1%D8%B4-%D9%88-%D8%AA%D8%AF%D9%88%DB%8C%D9%86-%D9%BE%D8%A7%DB%8C%D8%A7%D9%86-%D9%86%D8%A7%D9%85%D9%87-%D8%AF%D8%A7%D9%86%D8%B4%D8%AC%D9%88%DB%8C%D8%A7%D9%86-%D9%85%D9%82%D8%B7%D8%B9-%DA%A9%D8%A7%D8%B1%D8%B4%D9%86%D8%A7%D8%B3%DB%8C-%D8%A7%D8%B1%D8%B4%D8%AF-%D9%88-%D8%AF%DA%A9%D8%AA%D8%B1%DB%8C}{\lr{http://egufa.ut.ac.ir}}},
  YEAR =         {۱۳۹۳},
  MONTH =	 {شهریور},
  note = 	 {معاونت آموزشی و تحصیلات تکمیلی پردیس دانشکده‌های فنی دانشگاه تهران},
  LANGUAGE =     {Persian}
  }

@article{kim2016integrated,
  title={An integrated analysis of the genome-wide profiles of dna methylation and mRNA expression defining the side population of a human malignant mesothelioma cell line},
  author={Kim, Myung-Chul and Kim, Na-Yon and Seo, Yu-Ri and Kim, Yongbaek},
  authorfa={کیم,میونگ-چول and کیم,نا-یون and سئو,یو-ری and کیم,یونگ‌بک},
  journal={Journal of Cancer},
  volume={7},
  number={12},
  pages={1668},
  year={2016},
  publisher={Ivyspring International Publisher}
}

@MISC{toddhoff2020,
    author = "Todd Hoff",
    title  = "Lessons Learned From Scaling Uber To 2000 Engineers, 1000 Services, And 8000 Git Repositories",
    month  = "sep",
    year   = "2020",
    howpublished    = {\href{http://highscalability.com/blog/2016/10/12/lessons-learned-from-scaling-uber-to-2000-engineers-1000-ser.html}{http://highscalability.com/blog/2016/10/12/lessons-learned-from-scaling-uber-to-2000-engineers-1000-ser.html}}
}

@MISC{tonymauro2020,
    author = "Tony Mauro",
    title  = "Adopting Microservices at Netflix: Lessons for Architectural Design",
    month  = "sep",
    year   = "2020",
    howpublished    = {\href{https://www.nginx.com/blog/microservices-at-netflix-architectural-best-practices/}{https://www.nginx.com/blog/microservices-at-netflix-architectural-best-practices/}}
}

@inproceedings{panda2017verification,
  title={Verification in the age of microservices},
  author={Panda, Aurojit and Sagiv, Mooly and Shenker, Scott},
  booktitle={Proceedings of the 16th Workshop on Hot Topics in Operating Systems},
  pages={30--36},
  year={2017}
}

@article{waye2017whip,
  title={Whip: Higher-order contracts for modern services},
  author={Waye, Lucas and Chong, Stephen and Dimoulas, Christos},
  journal={Proceedings of the ACM on Programming Languages},
  volume={1},
  number={ICFP},
  pages={1--28},
  year={2017},
  publisher={ACM New York, NY, USA}
}

@inproceedings{Jones83,
  author    = {Cliff B. Jones},
  editor    = {R. E. A. Mason},
  title     = {Specification and Design of (Parallel) Programs},
  booktitle = {Information Processing 83, Proceedings of the {IFIP} 9th World Computer
               Congress, Paris, France, September 19-23, 1983},
  pages     = {321--332},
  publisher = {North-Holland/IFIP},
  year      = {1983},
  timestamp = {Sun, 28 Jul 2019 17:03:41 +0200},
  biburl    = {https://dblp.org/rec/conf/ifip/Jones83.bib},
  bibsource = {dblp computer science bibliography, https://dblp.org}
}

@misc{grpc,
    key          = "grpc",
    title        = "A high-performance, open source universal RPC framework",
    howpublished = {\href{https://grpc.io/}{https://grpc.io/}},
    month        = "sep",
    year         = "2020"
}

@misc{golang,
    key          = "golang",
    title        = "The Go Programming Language",
    howpublished = {\href{https://golang.org/}{https://golang.org/}},
    month        = "sep",
    year         = "2020"
}

@misc{grpcGoContracts,
    key          = "grpcGoContracts",
    title        = "gRPC Go Contracts",
    howpublished = {\href{https://github.com/shayanh/grpc-go-contracts}{https://github.com/shayanh/grpc-go-contracts}},
    month        = "sep",
    year         = "2020"
}

@book{fowler_patterns_2003,
	address = {Boston},
	series = {The {Addison}-{Wesley} signature series},
	title = {Patterns of enterprise application architecture},
	isbn = {9780321127426},
	publisher = {Addison-Wesley},
	author = {Fowler, Martin},
	year = {2003},
	keywords = {System design, Computer architecture, Application software, Development, Business, Data processing}
}

@MISC{malik2020,
    author = "Farhad Malik",
    title  = "What Is Microservices Architecture?",
    month  = "sep",
    year   = "2020",
    howpublished    = {\href{https://medium.com/fintechexplained/what-is-microservices-architecture-1da41a94a29b}{https://medium.com/fintechexplained/what-is-microservices-architecture-1da41a94a29b}}
}

@book{meyer1997object,
  title={Object-oriented software construction},
  author={Meyer, Bertrand},
  volume={2},
  year={1997},
  publisher={Prentice hall Englewood Cliffs}
}

@book{mandrioli1992advances,
  title={Advances in object oriented software engineering},
  author={Mandrioli, Dino and Meyer, Bertrand and others},
  year={1992},
  publisher={Prentice Hall}
}

@article{meyer1992applying,
  title={Applying'design by contract'},
  author={Meyer, Bertrand},
  journal={Computer},
  volume={25},
  number={10},
  pages={40--51},
  year={1992},
  publisher={IEEE}
}

@MISC{arno2020,
    author = "Arno Michael",
    title  = "Design By Contract",
    month  = "sep",
    year   = "2020",
    howpublished    = {\href{http://www.se-radio.net/2007/03/episode-51-design-by-contract/}{http://www.se-radio.net/2007/03/episode-51-design-by-contract/}}
}

@misc{microservicesDemo,
    key          = "microservicesDemo",
    title        = "microservices-demo",
    howpublished = {\href{https://github.com/GoogleCloudPlatform/microservices-demo}{https://github.com/GoogleCloudPlatform/microservices-demo}},
    month        = "sep",
    year         = "2020"
}

@misc{forkedMicroservicesDemo,
    key          = "forkedMicroservicesDemo",
    title        = "forked-microservices-demo",
    howpublished = {\href{https://github.com/shayanh/microservices-demo}{https://github.com/shayanh/microservices-demo}},
    month        = "sep",
    year         = "2020"
}
